
@article{rienstra_introduction_nodate,
	title = {An {Introduction} to {Acoustics}},
	language = {en},
	author = {Rienstra, S W and Hirschberg, A},
}

@article{herzfeld1938a,
	title = {Reflection of sound},
	volume = {53},
	issn = {15366065, 0031899x},
	doi = {10.1103/PhysRev.53.899},
	language = {eng},
	number = {11},
	journal = {Physical Review},
	author = {Herzfeld, KF},
	year = {1938},
	note = {Medium: article
Publisher: AMER INST PHYSICS},
	pages = {899--906},
}

@article{mechel2004a,
	title = {Reflection of sound},
	doi = {10.1007/978-3-662-07296-7_3},
	language = {eng},
	journal = {Formulas of Acoustics},
	author = {Mechel, Fridolin P.},
	year = {2004},
	note = {ISBN: 3540425489, 3662072963, 366207298X, 366207298x, 9783540425489, 9783662072967, 9783662072981
Medium: article
Publisher: Springer Berlin Heidelberg},
	pages = {74--128},
}

@article{tachizaki2010a,
	title = {Acoustic whispering-gallery modes generated and dynamically imaged with ultrashort optical pulses},
	volume = {81},
	issn = {1550235x, 10980121},
	doi = {10.1103/PhysRevB.81.165434},
	language = {eng},
	number = {16},
	journal = {Physical Review B - Condensed Matter and Materials Physics},
	author = {Tachizaki, Takehiro and Matsuda, Osamu and Maznev, Alex A. and Wright, Oliver B.},
	year = {2010},
	note = {Medium: article
Publisher: AMER PHYSICAL SOC},
	pages = {165434},
}

@article{raman1922a,
	title = {On the whispering-gallery phenomenon},
	volume = {100},
	issn = {20539150, 09501207},
	doi = {10.1098/rspa.1922.0007},
	language = {eng},
	number = {705},
	journal = {Proceedings of the Royal Society of London Series A-containing Papers of a Mathematical and Physical Character},
	author = {Raman, CV and Sutherland, GA},
	year = {1922},
	note = {Medium: article
Publisher: ROYAL SOC LONDON},
	pages = {424--428},
}

@article{rayleigh_cxii_1910,
	title = {{CXII}. {The} problem of the whispering gallery},
	volume = {20},
	issn = {1941-5982},
	url = {https://doi.org/10.1080/14786441008636993},
	doi = {10.1080/14786441008636993},
	number = {120},
	urldate = {2023-12-16},
	journal = {The London, Edinburgh, and Dublin Philosophical Magazine and Journal of Science},
	author = {Rayleigh, Lord},
	month = dec,
	year = {1910},
	note = {Publisher: Taylor \& Francis
\_eprint: https://doi.org/10.1080/14786441008636993},
	pages = {1001--1004},
}

@article{amodio2021a,
	title = {On the {Abramov} approach for the approximation of whispering gallery modes in prolate spheroids},
	volume = {409},
	issn = {18735649, 00963003},
	doi = {10.1016/j.amc.2020.125599},
	language = {eng},
	journal = {Applied Mathematics and Computation},
	author = {Amodio, Pierluigi and Arnold, Anton and Levitina, Tatiana and Settanni, Giuseppina and Weinmüller, Ewa B.},
	year = {2021},
	note = {Medium: article
Publisher: Elsevier Inc.},
	pages = {125599},
}

@article{kaltenbacher2018a,
	title = {Fundamental equations of acoustics},
	volume = {579},
	issn = {23093706, 02541971},
	doi = {10.1007/978-3-319-59038-7_1},
	language = {eng},
	journal = {Cism International Centre for Mechanical Sciences, Courses and Lectures},
	author = {Kaltenbacher, Manfred},
	editor = {Kaltenbacher, Manfred},
	year = {2018},
	note = {ISBN: 3319590375, 3319590383, 9783319590370, 9783319590387
Medium: article
Publisher: Springer International Publishing},
	pages = {1--33},
}

@article{hu2021a,
	title = {Non-{Hermitian} topological whispering gallery},
	volume = {597},
	issn = {14764687, 00280836},
	doi = {10.1038/s41586-021-03833-4},
	language = {eng},
	number = {7878},
	journal = {Nature},
	author = {Hu, Bolun and Zhang, Zhiwang and Zhang, Haixiao and Zheng, Liyang and Xiong, Wei and Yue, Zichong and Wang, Xiaoyu and Xu, Jianyi and Cheng, Ying and Liu, Xiaojun and Christensen, Johan},
	year = {2021},
	note = {Medium: article
Publisher: Nature Research},
	pages = {655--659},
}

@article{weinstein1970a,
	title = {Open resonators and open waveguides},
	volume = {38},
	issn = {19432909, 00029505},
	doi = {10.1119/1.1976211},
	language = {eng},
	number = {1},
	journal = {American Journal of Physics},
	author = {Weinstein, Lev Albertovich and Dutton, David},
	year = {1970},
	note = {Medium: article},
	pages = {114--115},
}

@article{abramov1976a,
	title = {{INTEGRAL}-{EQUATIONS} {AND} {RELATIONS} {FOR} {COULOMB} {SPHEROIDAL} {FUNCTIONS}},
	volume = {29},
	issn = {00405779, 15739333},
	doi = {10.1007/BF01108508},
	language = {eng},
	number = {2},
	journal = {Theoretical and Mathematical Physics},
	author = {ABRAMOV, DI and KOMAROV, IV},
	year = {1976},
	note = {Medium: article
Publisher: PLENUM PUBL CORP},
	pages = {1041--1047},
}

@article{amodio2013a,
	title = {On the calculation of the finite {Hankel} transform eigenfunctions},
	volume = {43},
	issn = {18652085, 15985865},
	doi = {10.1007/s12190-013-0657-1},
	language = {eng},
	number = {1-2},
	journal = {Journal of Applied Mathematics and Computing},
	author = {Amodio, P. and Levitina, T. and Settanni, G. and Weinmüller, E. B.},
	year = {2013},
	note = {Medium: article
Publisher: Springer Berlin Heidelberg},
	pages = {151--173},
}

@article{carr1939a,
	title = {Answer, {Echo}, {Answer}},
	volume = {161},
	issn = {00368733, 19467087},
	doi = {10.1038/scientificamerican1239-342},
	language = {und},
	number = {6},
	journal = {Scientific American},
	author = {Carr, Albert},
	year = {1939},
	note = {Medium: article},
	pages = {342--344},
}

@article{morse1954a,
	title = {Methods of theoretical physics},
	volume = {22},
	issn = {19432909, 00029505},
	doi = {10.1119/1.1933765},
	language = {eng},
	number = {6},
	journal = {American Journal of Physics},
	author = {Morse, Philip M. and Feshbach, Herman and Hill, E. L.},
	year = {1954},
	note = {Medium: article},
	pages = {410--413},
}

@article{walker1978a,
	title = {{THE} {AMATEUR} {SCIENTIST}},
	volume = {239},
	issn = {19467087, 00368733},
	language = {eng},
	number = {4},
	journal = {Scientific American},
	author = {Walker, Jearl},
	year = {1978},
	note = {Medium: article},
	pages = {179--187},
}
